@incollection{geiger2000new,
  title={A new proof of Yaglomâ€™s exponential limit law},
  author={Geiger, Jochen},
  booktitle={Mathematics and Computer Science},
  pages={245--249},
  year={2000},
  publisher={Springer}
}

@article{yaglom1947certain,
  title={Certain limit theorems of the theory of branching random processes},
  author={Yaglom, Akiva M},
  journal={Doklady Akad. Nauk SSSR (NS)},
  volume={56},
  number={795-798},
  pages={3},
  year={1947}
}

@article{lyons1995conceptual,
  title={Conceptual Proofs of $ L $ Log $ L $ Criteria for Mean Behavior of Branching Processes},
  author={Lyons, Russell and Pemantle, Robin and Peres, Yuval},
  journal={The Annals of Probability},
  volume={23},
  number={3},
  pages={1125--1138},
  year={1995},
  publisher={Institute of Mathematical Statistics}
}

@article{geiger1999elementary,
  title={Elementary new proofs of classical limit theorems for Galton--Watson processes},
  author={Geiger, Jochen},
  journal={Journal of applied probability},
  volume={36},
  number={02},
  pages={301--309},
  year={1999},
  publisher={Cambridge Univ Press}
}

@article{kesten1966galton,
  title={The Galton-Watson process with mean one and finite variance},
  author={Kesten, Harry and Ney, P and Spitzer, F},
  journal={Theory of Probability \& Its Applications},
  volume={11},
  number={4},
  pages={513--540},
  year={1966},
  publisher={SIAM}
}

@inproceedings{harris2015many,
  title={The many-to-few lemma and multiple spines},
  author={Harris, Simon and Roberts, Matthew},
  booktitle={Annales de l'Institut Henri Poincar{\'e}, Probabilit{\'e}s et Statistiques},
  year={2015},
  organization={University of Bath}
}

@article{kolmogorov1938losung,
  title={Zur l{\"o}sung einer biologischen aufgabe},
  author={Kolmogorov, AN},
  journal={Comm. Math. Mech. Chebyshev Univ. Tomsk},
  volume={2},
  number={1},
  pages={1--12},
  year={1938}
}
